@inproceedings{lavrenko2017relevance,
  title={Relevance-based language models},
  author={Lavrenko, Victor and Croft, W Bruce},
  booktitle={ACM SIGIR Forum},
  volume={51},
  number={2},
  pages={260--267},
  year={2017},
  organization={ACM}
}
@inproceedings{metzler2005markov,
  title={A Markov random field model for term dependencies},
  author={Metzler, Donald and Croft, W Bruce},
  booktitle={Proceedings of the 28th annual international ACM SIGIR conference on Research and development in information retrieval},
  pages={472--479},
  year={2005},
  organization={ACM}
}

@inproceedings{dalton2014entity,
  title={Entity query feature expansion using knowledge base links},
  author={Dalton, Jeffrey and Dietz, Laura and Allan, James},
  booktitle={Proceedings of the 37th international ACM SIGIR conference on Research \& development in information retrieval},
  pages={365--374},
  year={2014},
  organization={ACM}
}
@misc{trecdata21,
  title={TREC CAR 2.1: A Data Set for Complex Answer Retrieval},
  author={ Dietz, Laura and and Gamari, Ben and Dalton, Jeffrey},
  year={2018},
  online={http://trec-car.cs.unh.edu}
}


